@article{novikova2017we,
  title={Why we need new evaluation metrics for NLG},
  author={Novikova, Jekaterina and Du{\v{s}}ek, Ond{\v{r}}ej and Curry, Amanda Cercas and Rieser, Verena},
  journal={arXiv preprint arXiv:1707.06875},
  year={2017}
}

@inproceedings{papineni2002bleu,
  title={Bleu: a method for automatic evaluation of machine translation},
  author={Papineni, Kishore and Roukos, Salim and Ward, Todd and Zhu, Wei-Jing},
  booktitle={Proceedings of the 40th annual meeting of the Association for Computational Linguistics},
  pages={311--318},
  year={2002}
}

@inproceedings{banerjee2005meteor,
  title={METEOR: An automatic metric for MT evaluation with improved correlation with human judgments},
  author={Banerjee, Satanjeev and Lavie, Alon},
  booktitle={Proceedings of the acl workshop on intrinsic and extrinsic evaluation measures for machine translation and/or summarization},
  pages={65--72},
  year={2005}
}

@inproceedings{lin2004rouge,
  title={Rouge: A package for automatic evaluation of summaries},
  author={Lin, Chin-Yew},
  booktitle={Text summarization branches out},
  pages={74--81},
  year={2004}
}

@article{sellam2020bleurt,
  title={BLEURT: Learning robust metrics for text generation},
  author={Sellam, Thibault and Das, Dipanjan and Parikh, Ankur P},
  journal={arXiv preprint arXiv:2004.04696},
  year={2020}
}

@article{rajpurkar2016squad,
  title={Squad: 100,000+ questions for machine comprehension of text},
  author={Rajpurkar, Pranav and Zhang, Jian and Lopyrev, Konstantin and Liang, Percy},
  journal={arXiv preprint arXiv:1606.05250},
  year={2016}
}

@article{lai2017race,
  title={Race: Large-scale reading comprehension dataset from examinations},
  author={Lai, Guokun and Xie, Qizhe and Liu, Hanxiao and Yang, Yiming and Hovy, Eduard},
  journal={arXiv preprint arXiv:1704.04683},
  year={2017}
}

@article{reddy2019coqa,
  title={Coqa: A conversational question answering challenge},
  author={Reddy, Siva and Chen, Danqi and Manning, Christopher D},
  journal={Transactions of the Association for Computational Linguistics},
  volume={7},
  pages={249--266},
  year={2019},
  publisher={MIT Press}
}

@article{nguyen2016ms,
  title={MS MARCO: A human generated machine reading comprehension dataset},
  author={Nguyen, Tri and Rosenberg, Mir and Song, Xia and Gao, Jianfeng and Tiwary, Saurabh and Majumder, Rangan and Deng, Li},
  journal={choice},
  volume={2640},
  pages={660},
  year={2016}
}

@article{devlin2018bert,
  title={Bert: Pre-training of deep bidirectional transformers for language understanding},
  author={Devlin, Jacob and Chang, Ming-Wei and Lee, Kenton and Toutanova, Kristina},
  journal={arXiv preprint arXiv:1810.04805},
  year={2018}
}

@article{raffel2020exploring,
  title={Exploring the limits of transfer learning with a unified text-to-text transformer},
  author={Raffel, Colin and Shazeer, Noam and Roberts, Adam and Lee, Katherine and Narang, Sharan and Matena, Michael and Zhou, Yanqi and Li, Wei and Liu, Peter J},
  journal={The Journal of Machine Learning Research},
  volume={21},
  number={1},
  pages={5485--5551},
  year={2020},
  publisher={JMLRORG}
}